% LaTeX template, bibliography
% --------------------------------------------------------------------------------------------------
%
% This file contains the literature database for the project.
% References are given an entry in this file according to their type and included in the
% automatically generated literature list when cited.


@Book{rosen,
  author = 	 {Kenneth H. Rosen},
  title = 	 {Discrete Mathematics and Its Applications},
  publisher = 	 {McGraw-Hill},
  year = 	 {2013},
  edition = 	 {7}
}

@Book{edpenn,
  author = 	 {C. Henry Edwards and David E. Penney},
  title = 	 {Calculus: Early Transcendentals},
  publisher = 	 {Pearson},
  year = 	 {2014},
  edition = 	 {7}
}

