<<#header>>
% incl/bib/articles.bib : <<&title>>
% ------------------------------------------------------------------------------
<</header>>
