<<#header>>
% incl/bib/software.bib : <<&title>>
% ------------------------------------------------------------------------------
<</header>>


@Manual{minimaltikz,
  title        = {A very minimal introduction to TikZ},
  author       = {Jacques Crémer},
  organization = {Toulouse School of Economics},
  year         = {2011},
  note         = {\url{https://cremeronline.com/LaTeX/minimaltikz.pdf}}
}

@Manual{tikzmanual,
  title        = {The TikZ and PGF packages},
  author       = {Till Tantau},
  organization = {Institut für Theoretische Informatik, Universität zu Lübeck},
  year         = {2015},
  note         = {\url{http://mirrors.dotsrc.org/ctan/graphics/pgf/base/doc/pgfmanual.pdf}}
}

@Book{python,
  author    = {Van Rossum, Guido and Drake Jr., Fred L.},
  title     = {Python tutorial},
  year      = {1995},
  publisher = {Centrum voor Wiskunde en Informatica Amsterdam, The Netherlands}
}
