% LaTeX skabelon, bibliografi
% ------------------------------------------------------------------------------
% Denne fil indeholder literaturlisten for projektet.  Referencer indsættes med
% forskellige tags, afhængigt af deres type, og inkluderes i den automatisk
% genererede literaturliste, når de refereres til.


@Book{rosen,
  author = 	 {Kenneth H. Rosen},
  title = 	 {Discrete Mathematics and Its Applications},
  publisher = 	 {McGraw-Hill},
  year = 	 {2013},
  edition = 	 {7th}
}

@Book{edpenn,
  author = 	 {C. Henry Edwards and David E. Penney},
  title = 	 {Calculus: Early Transcendentals},
  publisher = 	 {Pearson},
  year = 	 {2014},
  edition = 	 {7th}
}

@Manual{minimaltikz,
  title = 	 {A very minimal introduction to TikZ},
  author = 	 {Jacques Crémer},
  organization = {Toulouse School of Economics},
  year = 	 {2011},
  note = 	 {\url{https://cremeronline.com/LaTeX/minimaltikz.pdf}}
}


@Manual{tikzmanual,
  title = 	 {The TikZ and PGF packages},
  author = 	 {Till Tantau},
  organization = {Institut für Theoretische Informatik, Universität zu Lübeck},
  year = 	 {2015},
  note = 	 {\url{http://mirrors.dotsrc.org/ctan/graphics/pgf/base/doc/pgfmanual.pdf}}
}

